
@article{callaway2020,
	title = {Revolutionary cryo-EM is taking over structural biology},
	author = {Callaway, Ewen},
	year = {2020},
	month = {02},
	date = {2020-02-10},
	journal = {Nature},
	pages = {201--201},
	volume = {578},
	number = {7794},
	doi = {10.1038/d41586-020-00341-9},
	url = {https://www.nature.com/articles/d41586-020-00341-9},
	note = {Bandiera{\_}abtest: a
Cg{\_}type: News
Number: 7794
Publisher: Nature Publishing Group
Subject{\_}term: Microscopy, Structural biology},
	langid = {en}
}

@article{stollar2020,
	title = {Uncovering protein structure},
	author = {Stollar, Elliott J and Smith, David P},
	year = {2020},
	month = {09},
	date = {2020-09-25},
	journal = {Essays in Biochemistry},
	pages = {649--680},
	volume = {64},
	number = {4},
	doi = {10.1042/EBC20190042},
	url = {https://doi.org/10.1042/EBC20190042}
}

@article{miller2020,
	title = {Introducing Foldit Education Mode},
	author = {Miller, Josh Aaron and Khatib, Firas and Hammond, Haley and Cooper, Seth and Horowitz, Scott},
	year = {2020},
	month = {09},
	date = {2020-09},
	journal = {Nature Structural & Molecular Biology},
	pages = {769--770},
	volume = {27},
	number = {9},
	doi = {10.1038/s41594-020-0485-6},
	note = {PMID: 32807992
PMCID: PMC8518189},
	langid = {eng}
}

@article{mirdita2022,
	title = {ColabFold: making protein folding accessible to all},
	author = {Mirdita, Milot and {Schütze}, Konstantin and Moriwaki, Yoshitaka and Heo, Lim and Ovchinnikov, Sergey and Steinegger, Martin},
	year = {2022},
	month = {06},
	date = {2022-06},
	journal = {Nature Methods},
	pages = {679--682},
	volume = {19},
	number = {6},
	doi = {10.1038/s41592-022-01488-1},
	note = {PMID: 35637307},
	langid = {eng}
}

@article{jumper2021,
	title = {Highly accurate protein structure prediction with AlphaFold},
	author = {Jumper, John and Evans, Richard and Pritzel, Alexander and Green, Tim and Figurnov, Michael and Ronneberger, Olaf and Tunyasuvunakool, Kathryn and Bates, Russ and {{\v{Z}}ídek}, Augustin and Potapenko, Anna and Bridgland, Alex and Meyer, Clemens and Kohl, Simon A. A. and Ballard, Andrew J. and Cowie, Andrew and Romera-Paredes, Bernardino and Nikolov, Stanislav and Jain, Rishub and Adler, Jonas and Back, Trevor and Petersen, Stig and Reiman, David and Clancy, Ellen and Zielinski, Michal and Steinegger, Martin and Pacholska, Michalina and Berghammer, Tamas and Bodenstein, Sebastian and Silver, David and Vinyals, Oriol and Senior, Andrew W. and Kavukcuoglu, Koray and Kohli, Pushmeet and Hassabis, Demis},
	year = {2021},
	month = {08},
	date = {2021-08},
	journal = {Nature},
	pages = {583--589},
	volume = {596},
	number = {7873},
	doi = {10.1038/s41586-021-03819-2},
	url = {https://www.nature.com/articles/s41586-021-03819-2},
	note = {Number: 7873
Publisher: Nature Publishing Group},
	langid = {en}
}
